<?xml version="1.0" encoding="UTF-8"?>
<!-- pain.001 - Customer Credit Transfer Initiation (Version 1 / Baseline) -->
<Document xmlns="urn:iso:std:iso:20022:tech:xsd:pain.001.001.09"
          xmlns:xsi="http://www.w3.org/2001/XMLSchema-instance">
  <CstmrCdtTrfInitn>
    <GrpHdr>
      <MsgId>CORP/20240101/PAY001</MsgId>
      <CreDtTm>2024-01-01T09:00:00</CreDtTm>
      <NbOfTxs>2</NbOfTxs>
      <CtrlSum>25000.00</CtrlSum>
      <InitgPty>
        <Nm>ACME Corporation GmbH</Nm>
        <Id>
          <OrgId>
            <LEI>5493001KJTIIGC8Y1R12</LEI>
          </OrgId>
        </Id>
      </InitgPty>
    </GrpHdr>

    <!-- Payment Instruction 1 -->
    <PmtInf>
      <PmtInfId>PMTINF-001</PmtInfId>
      <PmtMtd>TRF</PmtMtd>
      <NbOfTxs>1</NbOfTxs>
      <CtrlSum>20000.00</CtrlSum>
      <PmtTpInf>
        <SvcLvl>
          <Cd>SEPA</Cd>
        </SvcLvl>
        <LclInstrm>
          <Cd>INST</Cd>
        </LclInstrm>
        <CtgyPurp>
          <Cd>SUPP</Cd>
        </CtgyPurp>
      </PmtTpInf>
      <ReqdExctnDt>
        <Dt>2024-01-03</Dt>
      </ReqdExctnDt>
      <Dbtr>
        <Nm>ACME Corporation GmbH</Nm>
        <PstlAdr>
          <Ctry>DE</Ctry>
          <AdrLine>Musterstrasse 1, 10115 Berlin</AdrLine>
        </PstlAdr>
      </Dbtr>
      <DbtrAcct>
        <Id>
          <IBAN>DE89370400440532013000</IBAN>
        </Id>
        <Ccy>EUR</Ccy>
      </DbtrAcct>
      <DbtrAgt>
        <FinInstnId>
          <BICFI>DEUTDEDB</BICFI>
        </FinInstnId>
      </DbtrAgt>

      <CdtTrfTxInf>
        <PmtId>
          <InstrId>INSTR-001</InstrId>
          <EndToEndId>E2E-CORP-20240101-001</EndToEndId>
          <UETR>a26c5a77-2ec6-4c71-ba44-e0561f22c1b7</UETR>
        </PmtId>
        <Amt>
          <InstdAmt Ccy="EUR">20000.00</InstdAmt>
        </Amt>
        <ChrgBr>SLEV</ChrgBr>
        <CdtrAgt>
          <FinInstnId>
            <BICFI>BNPAFRPP</BICFI>
          </FinInstnId>
        </CdtrAgt>
        <Cdtr>
          <Nm>Supplier France SARL</Nm>
          <PstlAdr>
            <Ctry>FR</Ctry>
          </PstlAdr>
        </Cdtr>
        <CdtrAcct>
          <Id>
            <IBAN>FR7630006000011234567890189</IBAN>
          </Id>
        </CdtrAcct>
        <Purp>
          <Cd>GDDS</Cd>
        </Purp>
        <RmtInf>
          <Ustrd>Invoice INV-2023-456 payment</Ustrd>
        </RmtInf>
      </CdtTrfTxInf>
    </PmtInf>

    <!-- Payment Instruction 2 -->
    <PmtInf>
      <PmtInfId>PMTINF-002</PmtInfId>
      <PmtMtd>TRF</PmtMtd>
      <NbOfTxs>1</NbOfTxs>
      <CtrlSum>5000.00</CtrlSum>
      <PmtTpInf>
        <SvcLvl>
          <Cd>SEPA</Cd>
        </SvcLvl>
      </PmtTpInf>
      <ReqdExctnDt>
        <Dt>2024-01-05</Dt>
      </ReqdExctnDt>
      <Dbtr>
        <Nm>ACME Corporation GmbH</Nm>
      </Dbtr>
      <DbtrAcct>
        <Id>
          <IBAN>DE89370400440532013000</IBAN>
        </Id>
        <Ccy>EUR</Ccy>
      </DbtrAcct>
      <DbtrAgt>
        <FinInstnId>
          <BICFI>DEUTDEDB</BICFI>
        </FinInstnId>
      </DbtrAgt>
      <CdtTrfTxInf>
        <PmtId>
          <InstrId>INSTR-002</InstrId>
          <EndToEndId>E2E-CORP-20240101-002</EndToEndId>
        </PmtId>
        <Amt>
          <InstdAmt Ccy="EUR">5000.00</InstdAmt>
        </Amt>
        <ChrgBr>SLEV</ChrgBr>
        <CdtrAgt>
          <FinInstnId>
            <BICFI>ABNAAMST</BICFI>
          </FinInstnId>
        </CdtrAgt>
        <Cdtr>
          <Nm>Dutch Partner BV</Nm>
        </Cdtr>
        <CdtrAcct>
          <Id>
            <IBAN>NL91ABNA0417164300</IBAN>
          </Id>
        </CdtrAcct>
        <RmtInf>
          <Ustrd>Consulting fee Q4-2023</Ustrd>
        </RmtInf>
      </CdtTrfTxInf>
    </PmtInf>

  </CstmrCdtTrfInitn>
</Document>
